<record><leader>00000cas a22000007a 4500</leader><controlfield tag="001">9742116</controlfield><controlfield tag="008">830726d19001901ksuwr ne      0    0eng d</controlfield><controlfield tag="009">3789</controlfield><datafield ind1=" " ind2=" " tag="010"><subfield code="a">sn 83040413 </subfield></datafield><datafield ind1=" " ind2=" " tag="040"><subfield code="a">KSH</subfield><subfield code="b">eng</subfield><subfield code="c">KSH</subfield><subfield code="d">NPT</subfield></datafield><datafield ind1="1" ind2=" " tag="029"><subfield code="a">AU@</subfield><subfield code="b">000025796226</subfield></datafield><datafield ind1=" " ind2=" " tag="042"><subfield code="a">msc</subfield></datafield><datafield ind1=" " ind2=" " tag="043"><subfield code="a">n-us-ks</subfield></datafield><datafield ind1="0" ind2="4" tag="245"><subfield code="a">The Uniontown sun.</subfield></datafield><datafield ind1=" " ind2=" " tag="260"><subfield code="a">Uniontown, Kan. :</subfield><subfield code="b">G.A. Chamberlin,</subfield><subfield code="c">1900-</subfield></datafield><datafield ind1=" " ind2=" " tag="300"><subfield code="a">v. :</subfield><subfield code="b">ill. (chiefly advertisements) ;</subfield><subfield code="c">55 cm.</subfield></datafield><datafield ind1=" " ind2=" " tag="310"><subfield code="a">Weekly</subfield></datafield><datafield ind1="0" ind2=" " tag="362"><subfield code="a">Vol. 1, no. 1 (Dec. 13, 1900)-</subfield></datafield><datafield ind1="1" ind2=" " tag="362"><subfield code="a">Ceased with Sept. 20, 1901 issue?</subfield></datafield><datafield ind1=" " ind2=" " tag="500"><subfield code="a">Editor: G.A. Chamberlin.</subfield></datafield><datafield ind1="1" ind2=" " tag="700"><subfield code="a">Chamberlin, G. A.</subfield></datafield><datafield ind1=" " ind2=" " tag="752"><subfield code="a">United States</subfield><subfield code="b">Kansas</subfield><subfield code="c">Bourbon</subfield><subfield code="d">Uniontown.</subfield></datafield></record>